@ARTICLE{info_security_concept_2020,
  author = {А. В. Казакова},
  title = {Концепция информационной безопасности промышленных предприятий},
  journal = {Вестник Самарского государственного экономического университета},
  year = {2020}
}

@MISC{info_security_goals,
  title = {Цели и задачи системы информационной безопасности / Управленческий менеджмент [Электронный ресурс]},
  organization = {Управленческий менеджмент},
  howpublished = {2014},
  note = {Режим доступа: http://www.managertip.ru/tubvs-665-1.html. --- Дата доступа: 15.12.2020},
  language = {russian},
  timestamp = {2020.12.15}
}

@MISC{national_traffic_exchange,
  title = {Политика информационной безопасности / РУП «Национальный центр обмена трафиком» [Электронный ресурс]},
  organization = {РУП «Национальный центр обмена трафиком»},
  howpublished = {2017},
  note = {Режим доступа: http://www.managertip.ru/tubvs-665-1.html. --- Дата доступа: 15.12.2020},
  language = {russian},
  timestamp = {2020.12.15}
}

@ARTICLE{vostrezova_ural,
  author = {Е. В. Вострецова},
  title = {Основы информационной безопасности},
  journal = {Уральский федеральный университет им. Б. Н. Ельцина},
  year = {2019}
}

@ARTICLE{vasilkov,
	author = {Васильков А. В.},
	title = {Безопасность и управление доступом в информационных системах},
	journal = {Москва},
	year = {2013}
}

@ARTICLE{zhigulin,
	author = {Жигулин Г. П.},
	title = {Организационное и правовое обеспечение информационной безопасности},
	journal = {СПбНИУИТМО},
	year = {2014}
}

@ARTICLE{devyanin,
	author = {П. Н. Девянин},
	title = {Теоретические основы компьютерной безопасности},
	journal = {Радио и связь},
	year = {2000}
}


@ARTICLE{bardaev,
	author = {Бардаев Э. А.},
	title = {Документоведение: учебник для студ. высш.
учеб. заведений},
	journal = {Издательский центр «Академия»},
	year = {2018}
}

@ARTICLE{maluk,
	author = {Малюк А. А., Н. С. Погожин},
	title = {Введение в защиту информации в автоматизированных системах},
	journal = {Москва : Горячая линия},
	year = {2001}
}

@ARTICLE{melnikov,
	author = {Мельников В. В.},
	title = {Безопасность информации в автоматизированных системах},
	journal = {Москва : Финансы и статистика},
	year = 2003
}
